% IRIS-HEP
@Misc{iris-hep,
  title = {{Institute for Research and Innovation in Software for High Energy Physics (IRIS-HEP)}},
  author = {{IRIS-HEP}},
  howpublished = {\href{https://iris-hep.org/}{https://iris-hep.org/}},
}

% coffea chep proceedings
@article{smith_nick_2020,
	author = {Smith, Nicholas and Gray, Lindsey and Cremonesi, Matteo and Jayatilaka, Bo and Gutsche, Oliver and Hall, Allison and Pedro, Kevin and Acosta, Maria and Melo, Andrew and Belforte, Stefano and Pivarski, Jim},
	title = {{Coffea Columnar Object Framework For Effective Analysis}},
	DOI= "10.1051/epjconf/202024506012",
	url= "https://doi.org/10.1051/epjconf/202024506012",
	journal = {EPJ Web Conf.},
	year = 2020,
	volume = 245,
	pages = "06012",
}

% 2015 CMS open data
@Misc{cms-open-data,
  title = {{Getting Started with CMS 2015 Open Data}},
  author = {{CMS Data preservation and open access group}},
  year = {2022},
  howpublished = {\href{https://opendata.cern.ch/docs/cms-getting-started-2015}{https://opendata.cern.ch/docs/cms-getting-started-2015}},
}

% agc ichep 2022
@article{held_alexander_2022,
	author = {Held, Alexander and Shadura, Oksana},
	title = {{The IRIS-HEP Analysis Grand Challenge}},
	DOI= "10.22323/1.414.0235",
	url= "https://doi.org/10.22323/1.414.0235",
	journal = {PoS},
	year = 2022,
	volume = 235,
}

% AGC repository
@software{agc_code,
  author       = {Alexander Held and
                  Elliott Kauffman and
                  Oksana Shadura and
                  Enrico Guiraud and
                  Matthew Feickert and
                  Jayjeet Chakraborty and
                  Mason Proffitt and
                  Andrew Wightman and
                  KyungEon Choi and
                  Elise Chavez and
                  Tatiana Ovsiannikova and
                  Maria Acosta and
                  Tal van Daalen and 
                  David Koch and
                  Saransh Chopra and 
                  Giordan Stark and
                  Lucas Heinrich and
                  Mat Adamec and
                  Andrzej Novak and
                  Storm Lin},
  title        = {{Analysis Grand Challenge}},
  publisher    = {Zenodo},
  doi          = {\href{https://doi.org/10.5281/zenodo.7274936}{10.5281/zenodo.7274936}},
  url          = {https://doi.org/10.5281/zenodo.7274936}
}

% AGC RTD
@Misc{agc_rtd,
  title = {{Analysis Grand Challenge ReadTheDocs}},
  author = {Kauffman, Elliott and Held, Alexander and Shadura, Oksana},
  howpublished = {\href{https://agc.readthedocs.io/en/latest/}{https://agc.readthedocs.io/en/latest/}},
}


% coffea
@software{coffea,
  author       = {Lindsey Gray and
                  Nicholas Smith and
                  Benjamin Tovar and
                  Andrzej Novak and
                  Jayjeet Chakraborty and
                  Peter Fackeldey and
                  Nikolai Hartmann and
                  Gordon Watts and
                  Douglas Thain and
                  Giordon Stark and
                  BenGalewsky and
                  Jonas RÃ¼benach and
                  Benjamin Fischer and
                  Devin Taylor and
                  MoAly98 and
                  Dmitry Kondratyev and
                  Paul Gessinger and
                  Yi-Mu "Enoch" Chen and
                  Joosep Pata and
                  Anna Woodard and
                  Andreas Albert and
                  slehti and
                  Zoe Surma and
                  Alexx Perloff and
                  Kevin Pedro and
                  dnoonan08 and
                  Andrew Hennessee and
                  Karol Krizka and
                  kmohrman and
                  Lukas},
  title        = {coffea},
  publisher    = {Zenodo},
  doi          = {\href{https://doi.org/10.5281/zenodo.3266454}{10.5281/zenodo.3266454}},
  url          = {https://doi.org/10.5281/zenodo.3266454}
}

% ServiceX
@article{servicex,
	author = {Galewsky, B. and Gardner, R. and Gray, L. and Neubauer, M. and Pivarski, J. and Proffitt, M. and Vukotic, I. and Watts, G. and Weinberg, M.},
	title = {{ServiceX A Distributed, Caching, Columnar Data Delivery Service}},
	DOI= "10.1051/epjconf/202024504043",
	url= "https://doi.org/10.1051/epjconf/202024504043",
	journal = {EPJ Web Conf.},
	year = 2020,
	volume = 245,
	pages = "04043",
}

% mlflow
@software{mlflow,
  author = {{MLflow Project, a Series of LF Projects, LLC.}},
  title = "{mlflow}",
  version = {2.2.2},
  url = {https://mlflow.org/},
}

% Dask
@Misc{dask,
  title = {{Dask: Library for dynamic task scheduling}},
  author = {{Dask Development Team}},
  year = {2016},
  howpublished = {\href{https://dask.org}{https://dask.org}},
}

% NVIDIA Triton
@Misc{triton,
  title = {{NVIDIA Triton Inference Server}},
  author = {{NVIDIA Development Team}},
  version = {2.37.0},
  url = {https://developer.nvidia.com/triton-inference-server},
}

@Misc{dask-jq,
  title = {{Dask-Jobqueue}},
  author = {{Dask Development Team}},
  url = {https://jobqueue.dask.org/en/latest/},
}

@inproceedings{bauerdick2014xrootd,
  title={XRootd, disk-based, caching proxy for optimization of data access, data placement and data replication},
  author={Bauerdick, LAT and Bloom, K and Bockelman, B and Bradley, DC and Dasu, S and Dost, JM and Sfiligoi, I and Tadel, A and Tadel, M and Wuerthwein, F and others},
  booktitle={Journal of Physics: Conference Series},
  volume={513},
  number={4},
  pages={042044},
  year={2014},
  organization={IOP Publishing}
}

% NVIDIA Triton
@Misc{z2jh,
  title = {{"Zero to JupyterHub with Kubernetes", JupyterHub for Kubernetes, 2023}},
  author = {{Project Jupyter Contributors"}},
  url = {https://z2jh.jupyter.org/},
}

@inproceedings{adamec2021coffea,
  title={Coffea-casa: an analysis facility prototype},
  author={Adamec, Matous and Attebury, Garhan and Bloom, Kenneth and Bockelman, Brian and Lundstedt, Carl and Shadura, Oksana and Thiltges, John},
  booktitle={EPJ Web of Conferences},
  volume={251},
  pages={02061},
  year={2021},
  organization={EDP Sciences}
}

@inproceedings{brewer2015kubernetes,
  title={Kubernetes and the path to cloud native},
  author={Brewer, Eric A},
  booktitle={Proceedings of the sixth ACM symposium on cloud computing},
  pages={167--167},
  year={2015}
}

@article{condor-practice, 
  author    = "Douglas Thain and Todd Tannenbaum and Miron Livny",
  title     = "Distributed computing in practice: the Condor experience.",
  journal   = "Concurrency - Practice and Experience",
  volume    = "17",
  number    = "2-4",
  year      = "2005",
  pages     = "323-356",
}

@article{sakimura2014openid,
  title={Openid connect core 1.0},
  author={Sakimura, Natsuhiko and Bradley, John and Jones, Mike and De Medeiros, Breno and Mortimore, Chuck},
  journal={The OpenID Foundation},
  pages={S3},
  year={2014}
}

@article{bisong2019kubeflow,
  title={Kubeflow and kubeflow pipelines},
  author={Bisong, Ekaba and Bisong, Ekaba},
  journal={Building Machine Learning and Deep Learning Models on Google Cloud Platform: A Comprehensive Guide for Beginners},
  pages={671--685},
  year={2019},
  publisher={Springer}
}

@article{alla2021mlops,
  title={What is mlops?},
  author={Alla, Sridhar and Adari, Suman Kalyan and Alla, Sridhar and Adari, Suman Kalyan},
  journal={Beginning MLOps with MLFlow: Deploy Models in AWS SageMaker, Google Cloud, and Microsoft Azure},
  pages={79--124},
  year={2021},
  publisher={Springer}
}

@article{beetz2021gitops,
  title={Gitops: The evolution of devops?},
  author={Beetz, Florian and Harrer, Simon},
  journal={IEEE Software},
  volume={39},
  number={4},
  pages={70--75},
  year={2021},
  publisher={IEEE}
}

@inproceedings{piparo2019rdataframe,
  title={Rdataframe: Easy parallel root analysis at 100 threads},
  author={Piparo, Danilo and Canal, Philippe and Guiraud, Enrico and Pla, Xavier Valls and Ganis, Gerardo and Amadio, Guilherme and Naumann, Axel and Tejedor, Enric},
  booktitle={EPJ Web of Conferences},
  volume={214},
  pages={06029},
  year={2019},
  organization={EDP Sciences}
}

@article{bezanson2017julia,
  title={Julia: A fresh approach to numerical computing},
  author={Bezanson, Jeff and Edelman, Alan and Karpinski, Stefan and Shah, Viral B},
  journal={SIAM review},
  volume={59},
  number={1},
  pages={65--98},
  year={2017},
  publisher={SIAM}
}

% NVIDIA Triton
@Misc{cf,
  title = {{Columnflow}},
  author = {{Columnflow development team}},
  url = {https://columnflow.readthedocs.io/en/stable/},
}





